{
  "leader": "10496cam a2200697 i 4500",
  "fields": [
    {
      "001": "ocm60605312\\"
    },
    {
      "003": "OCoLC"
    },
    {
      "005": "20230127095015.0"
    },
    {
      "008": "050601s2005\\\\\\\\nyu\\\\\\\\\\\\b\\\\\\\\001\\0\\eng\\\\"
    },
    {
      "010": {
        "ind1": "\\",
        "ind2": "\\",
        "subfields": [
          {
            "a": "  2005050708"
          }
        ]
      }
    },
    {
      "040": {
        "ind1": "\\",
        "ind2": "\\",
        "subfields": [
          {
            "a": "DLC"
          },
          {
            "b": "eng"
          },
          {
            "e": "rda"
          },
          {
            "c": "DLC"
          },
          {
            "d": "BAKER"
          },
          {
            "d": "C#P"
          },
          {
            "d": "YBM"
          },
          {
            "d": "VP@"
          },
          {
            "d": "FVC"
          },
          {
            "d": "YDXCP"
          },
          {
            "d": "OCLCQ"
          },
          {
            "d": "BTCTA"
          },
          {
            "d": "UWC"
          },
          {
            "d": "LVB"
          },
          {
            "d": "TTU"
          },
          {
            "d": "CQU"
          },
          {
            "d": "JYJ"
          },
          {
            "d": "DEBBG"
          },
          {
            "d": "ABI"
          },
          {
            "d": "OCLCQ"
          },
          {
            "d": "ALAUL"
          },
          {
            "d": "BDX"
          },
          {
            "d": "OCLCQ"
          },
          {
            "d": "NMC"
          },
          {
            "d": "GILDS"
          },
          {
            "d": "OCLCO"
          },
          {
            "d": "OCLCQ"
          },
          {
            "d": "TYC"
          },
          {
            "d": "OCLCF"
          },
          {
            "d": "OCLCA"
          },
          {
            "d": "ALAUL"
          },
          {
            "d": "OCLCA"
          },
          {
            "d": "OCLCQ"
          },
          {
            "d": "TFW"
          },
          {
            "d": "GZW"
          },
          {
            "d": "OCL"
          },
          {
            "d": "OCLCO"
          },
          {
            "d": "OCLCQ"
          },
          {
            "d": "EAU"
          },
          {
            "d": "OCLCO"
          },
          {
            "d": "R2A"
          },
          {
            "d": "CACHF"
          },
          {
            "d": "OCLCO"
          },
          {
            "d": "OCL"
          }
        ]
      }
    },
    {
      "019": {
        "ind1": "\\",
        "ind2": "\\",
        "subfields": [
          {
            "a": "173649589"
          },
          {
            "a": "908767814"
          },
          {
            "a": "1201941004"
          }
        ]
      }
    },
    {
      "020": {
        "ind1": "\\",
        "ind2": "\\",
        "subfields": [
          {
            "a": "1558615016"
          },
          {
            "q": "(cloth)"
          }
        ]
      }
    },
    {
      "020": {
        "ind1": "\\",
        "ind2": "\\",
        "subfields": [
          {
            "a": "9781558615014"
          },
          {
            "q": "(cloth)"
          }
        ]
      }
    },
    {
      "020": {
        "ind1": "\\",
        "ind2": "\\",
        "subfields": [
          {
            "a": "1558615008"
          },
          {
            "q": "(paper)"
          }
        ]
      }
    },
    {
      "020": {
        "ind1": "\\",
        "ind2": "\\",
        "subfields": [
          {
            "a": "9781558615007"
          },
          {
            "q": "(paper)"
          }
        ]
      }
    },
    {
      "035": {
        "ind1": "\\",
        "ind2": "\\",
        "subfields": [
          {
            "a": "(OCoLC)60605312"
          },
          {
            "z": "(OCoLC)173649589"
          },
          {
            "z": "(OCoLC)908767814"
          },
          {
            "z": "(OCoLC)1201941004"
          }
        ]
      }
    },
    {
      "037": {
        "ind1": "\\",
        "ind2": "\\",
        "subfields": [
          {
            "b": "Consortium Book Sales & Dist, 1045 Westgate Dr, Saint Paul, MN, USA, 55114, (651)3795321"
          },
          {
            "n": "SAN 200-6049"
          }
        ]
      }
    },
    {
      "043": {
        "ind1": "\\",
        "ind2": "\\",
        "subfields": [
          {
            "a": "fw-----"
          }
        ]
      }
    },
    {
      "050": {
        "ind1": "0",
        "ind2": "0",
        "subfields": [
          {
            "a": "PL8014.W372"
          },
          {
            "b": "W66 2005"
          }
        ]
      }
    },
    {
      "050": {
        "ind1": "\\",
        "ind2": "4",
        "subfields": [
          {
            "a": "PL8011"
          },
          {
            "b": ".W64 2005"
          }
        ]
      }
    },
    {
      "082": {
        "ind1": "0",
        "ind2": "4",
        "subfields": [
          {
            "a": "820.992870968"
          },
          {
            "b": "WOM"
          }
        ]
      }
    },
    {
      "245": {
        "ind1": "0",
        "ind2": "0",
        "subfields": [
          {
            "a": "Women writing Africa :"
          },
          {
            "b": "West Africa and the Sahel /"
          },
          {
            "c": "edited by Esi Sutherland-Addy and Aminata Diaw."
          }
        ]
      }
    },
    {
      "250": {
        "ind1": "\\",
        "ind2": "\\",
        "subfields": [
          {
            "a": "First edition."
          }
        ]
      }
    },
    {
      "264": {
        "ind1": "\\",
        "ind2": "1",
        "subfields": [
          {
            "a": "New York :"
          },
          {
            "b": "Feminist Press at the City University of New York,"
          },
          {
            "c": "2005."
          }
        ]
      }
    },
    {
      "300": {
        "ind1": "\\",
        "ind2": "\\",
        "subfields": [
          {
            "a": "xxxi, 477 pages ;"
          },
          {
            "c": "23 cm."
          }
        ]
      }
    },
    {
      "336": {
        "ind1": "\\",
        "ind2": "\\",
        "subfields": [
          {
            "a": "text"
          },
          {
            "b": "txt"
          },
          {
            "2": "rdacontent"
          }
        ]
      }
    },
    {
      "337": {
        "ind1": "\\",
        "ind2": "\\",
        "subfields": [
          {
            "a": "unmediated"
          },
          {
            "b": "n"
          },
          {
            "2": "rdamedia"
          }
        ]
      }
    },
    {
      "338": {
        "ind1": "\\",
        "ind2": "\\",
        "subfields": [
          {
            "a": "volume"
          },
          {
            "b": "nc"
          },
          {
            "2": "rdacarrier"
          }
        ]
      }
    },
    {
      "490": {
        "ind1": "1",
        "ind2": "\\",
        "subfields": [
          {
            "a": "The women writing Africa project ;"
          },
          {
            "v": "v. 2"
          }
        ]
      }
    },
    {
      "504": {
        "ind1": "\\",
        "ind2": "\\",
        "subfields": [
          {
            "a": "Includes bibliographical references (pages 71-83) and index."
          }
        ]
      }
    },
    {
      "505": {
        "ind1": "0",
        "ind2": "\\",
        "subfields": [
          {
            "a": "Introduction --- Ritual and ceremonial words --- Thirteenth century to 1916: the age of African empires --- Lullabies and songs of young women 1916 to 1970: the rise of nationalism --- Work songs --- The 1970s and 1980s: negotiating new social identities --- Songs and tales of social negotiation --- The 1990s and the new century."
          }
        ]
      }
    },
    {
      "505": {
        "ind1": "0",
        "ind2": "0",
        "subfields": [
          {
            "t": "Introduction /"
          },
          {
            "r": "Tusyline Jita Allan, Dierde L. Badejo, Abena P.A. Busia, Aminata Diaw, Christiane Owusu-Sarpong, Esi Sutherland-Addy --"
          },
          {
            "t": "Ritual and ceremonial words --"
          },
          {
            "t": "Oya, or the wind behind the lightning /"
          },
          {
            "r": "Ede Court Historians --"
          },
          {
            "t": "Praise poem for Osun /"
          },
          {
            "r": "Olorisa Osun --"
          },
          {
            "t": "Mai\u0308e\u0301to, or the battle of the sexes /"
          },
          {
            "r": "Be\u0301atrice Djedja --"
          },
          {
            "t": "The plump woman's song /"
          },
          {
            "r": "Communal --"
          },
          {
            "t": "Marriage song cycles --"
          },
          {
            "t": "Dyula songs /"
          },
          {
            "r": "Young women of Kong --"
          },
          {
            "t": "Hausa songs /"
          },
          {
            "r": "Communal --"
          },
          {
            "t": "She who destroys her harp /"
          },
          {
            "r": "Dior Konate --"
          },
          {
            "t": "Arrival of the new bride --"
          },
          {
            "t": "Xaxar, or satirical song /"
          },
          {
            "r": "Communal --"
          },
          {
            "t": "Welcoming the bride /"
          },
          {
            "r": "Communal --"
          },
          {
            "t": "Celebrating birth --"
          },
          {
            "t": "Where is it from /"
          },
          {
            "r": "Communal --"
          },
          {
            "t": "If not for childbirth /"
          },
          {
            "r": "Communal --"
          },
          {
            "t": "Kanyeleng, or childless /"
          },
          {
            "r": "Binita Bojang --"
          },
          {
            "t": "Lamentations --"
          },
          {
            "t": "Nyaako /"
          },
          {
            "r": "Afua Siaa (Fofie) --"
          },
          {
            "t": "We offer you condolences /"
          },
          {
            "r": "Manhyia Tete Nwonkoro Group --"
          },
          {
            "t": "Dry your tears, little orphan doe /"
          },
          {
            "r": "Communal --"
          },
          {
            "t": "Ntam, an oath /"
          },
          {
            "r": "Nanahemmaa Toaa Ampofo Tua III --"
          },
          {
            "t": "Thirteenth century to 1916: the age of African empires --"
          },
          {
            "t": "Two songs for Sunjata /"
          },
          {
            "r": "Communal --"
          },
          {
            "t": "Elegy for Inikpi /"
          },
          {
            "r": "Communal --"
          },
          {
            "t": "Letter of petition /"
          },
          {
            "r": "Madalena Van Poppos --"
          },
          {
            "t": "Poems /"
          },
          {
            "r": "Nana Asma'u --"
          },
          {
            "t": "Give us victory --"
          },
          {
            "t": "Be sure of God's truth --"
          },
          {
            "t": "Elegy for Zaharatu --"
          },
          {
            "t": "Makori, or the triumph of slaves /"
          },
          {
            "r": "Nditi Ba --"
          },
          {
            "t": "The warring hosts /"
          },
          {
            "r": "Ola Bentsir Adzewa group --"
          },
          {
            "t": "Letter from a former slave /"
          },
          {
            "r": "Malinda Rex --"
          },
          {
            "t": "Letters of Queen Victoria's wards --"
          },
          {
            "t": "Letters of Sarah Forbes Bonetta --"
          },
          {
            "t": "Letters of Victoria Davies --"
          },
          {
            "t": "Letter from the women of Senehun /"
          },
          {
            "r": "Mame Yoko and others --"
          },
          {
            "t": "Two letters to the editor /"
          },
          {
            "r": "Anonymous --"
          },
          {
            "t": "Lullabies and songs of young women --"
          },
          {
            "t": "Lullabies --"
          },
          {
            "t": "Ayo, my baby /"
          },
          {
            "r": "Samba Tew Sew --"
          },
          {
            "t": "Lullaby /"
          },
          {
            "r": "Communal --"
          },
          {
            "t": "Hindatou /"
          },
          {
            "r": "Maman Ibrah Hinda --"
          },
          {
            "t": "Who did my baby wrong /"
          },
          {
            "r": "Miriam Gaye --"
          },
          {
            "t": "I'd like to stay /"
          },
          {
            "r": "Communal --"
          },
          {
            "t": "An old man /"
          },
          {
            "r": "Communal --"
          },
          {
            "t": "Carry on and have fun /"
          },
          {
            "r": "Communal --"
          },
          {
            "t": "Circle songs --"
          },
          {
            "t": "Even if you beat me /"
          },
          {
            "r": "Communal --"
          },
          {
            "t": "I will buy you a shirt /"
          },
          {
            "r": "Communal --"
          },
          {
            "t": "Maidens in a group /"
          },
          {
            "r": "Communal."
          }
        ]
      }
    },
    {
      "505": {
        "ind1": "0",
        "ind2": "0",
        "subfields": [
          {
            "t": "1916 to 1970: the rise of nationalism --"
          },
          {
            "t": "A mother's plea: two letters /"
          },
          {
            "r": "N'della Sey --"
          },
          {
            "t": "Anti-colonial songs /"
          },
          {
            "r": "Women of Passore\u0301 and Ladre --"
          },
          {
            "t": "The white man has come --"
          },
          {
            "t": "Bamko --"
          },
          {
            "t": "Poko --"
          },
          {
            "t": "A petition /"
          },
          {
            "r": "Houleye Diop --"
          },
          {
            "t": "The Aba women's war --"
          },
          {
            "r": "Nwanyeruwa --"
          },
          {
            "t": "Satire from the \"Women's corner\" --"
          },
          {
            "t": "To Miss Bridget Thomas /"
          },
          {
            "r": "Yaa Ampongah --"
          },
          {
            "t": "Stupefied /"
          },
          {
            "r": "Odarley Koshie --"
          },
          {
            "t": "What we women can do /"
          },
          {
            "r": "Efwa Kato --"
          },
          {
            "t": "Champion of twins /"
          },
          {
            "r": "Elizabeth Mgbeke Ezumah --"
          },
          {
            "t": "My little country /"
          },
          {
            "r": "Mariama Ba\u0302 --"
          },
          {
            "t": "Nothing so sweet /"
          },
          {
            "r": "P.A. Itayemi Ogundipe --"
          },
          {
            "t": "The march on Grand Bassam --"
          },
          {
            "t": "That is how the women woke up /"
          },
          {
            "r": "Anne-Marie Raggi --"
          },
          {
            "t": "My name is Lucie Traore\u0301 /"
          },
          {
            "r": "Lucie Traore\u0301 Kabore\u0301 --"
          },
          {
            "t": "From the \"Women's column\" /"
          },
          {
            "r": "Mabel Dove-Danquah and others --"
          },
          {
            "t": "The blackman's burden /"
          },
          {
            "r": "Adjua Mensah --"
          },
          {
            "t": "An ode /"
          },
          {
            "r": "Akua Amaku --"
          },
          {
            "t": "I have tamed my wife /"
          },
          {
            "r": "Akosua Dzatsui"
          },
          {
            "g": "(pseud. for Mabel Dove-Danquah) --"
          },
          {
            "t": "Mother and daughter --"
          },
          {
            "t": "Profile of Gladys /"
          },
          {
            "r": "Adelaide Casely-Hayford --"
          },
          {
            "t": "Africa schoolgirls' song /"
          },
          {
            "r": "Gladys Caseley-Hayford --"
          },
          {
            "t": "New life /"
          },
          {
            "r": "Efua Sutherland --"
          },
          {
            "t": "The roadmakers --"
          },
          {
            "t": "Foriwa --"
          },
          {
            "t": "We women of the Upper Volta /"
          },
          {
            "r": "Celestine Ouezzin Coulibaly --"
          },
          {
            "t": "On widowhood /"
          },
          {
            "r": "Kate Abbam --"
          },
          {
            "t": "We were with you, dedicated to Ethel Kennedy --"
          },
          {
            "t": "We shall overcome --"
          },
          {
            "t": "Christianity and widowhood rites --"
          },
          {
            "t": "Mayor of Freetown /"
          },
          {
            "r": "Constance Agatha Cummings-John --"
          },
          {
            "t": "Affirmations and remembrances /"
          },
          {
            "r": "Olufunmilayo Ransome-Kuti --"
          },
          {
            "t": "The status of women in Nigeria --"
          },
          {
            "t": "Autobiographical notes --"
          },
          {
            "t": "The causes for revolt remembered --"
          },
          {
            "t": "Work songs --"
          },
          {
            "t": "Greetings and Praise --"
          },
          {
            "t": "You of the house /"
          },
          {
            "r": "Communal"
          },
          {
            "t": "One single measure /"
          },
          {
            "r": "Communal --"
          },
          {
            "t": "Invocation at milking /"
          },
          {
            "r": "Communal --"
          },
          {
            "t": "Praise song /"
          },
          {
            "r": "Zebuglo of Loho --"
          },
          {
            "t": "Songs of migration --"
          },
          {
            "t": "The beauty of Kumasi /"
          },
          {
            "r": "Communal --"
          },
          {
            "t": "These west-coasters are liars /"
          },
          {
            "r": "Communal --"
          },
          {
            "t": "The non-migrant's song /"
          },
          {
            "r": "Communal --"
          },
          {
            "t": "Songs of insult --"
          },
          {
            "t": "Tabarde\u0301, or blanket making /"
          },
          {
            "r": "Communal --"
          },
          {
            "t": "The sisters-in-law Diedhiou /"
          },
          {
            "r": "Communal --"
          },
          {
            "t": "Seybata, or my backside, insult her /"
          },
          {
            "r": "Communal."
          }
        ]
      }
    },
    {
      "505": {
        "ind1": "0",
        "ind2": "0",
        "subfields": [
          {
            "t": "The 1970s and 1980s: negotiating new social identities --"
          },
          {
            "t": "Tanofia /"
          },
          {
            "r": "Selma Al-Hassan --"
          },
          {
            "t": "The traveller /"
          },
          {
            "r": "Flora Nwapa --"
          },
          {
            "t": "Two poems /"
          },
          {
            "r": "Adja Khady Diop --"
          },
          {
            "t": "The work of Senegalese women --"
          },
          {
            "t": "The year we looked up at the balloon --"
          },
          {
            "t": "Conversation with midwife Sokona Diaoune /"
          },
          {
            "r": "Aoua Keita --"
          },
          {
            "t": "Rural poems --"
          },
          {
            "t": "Tribute to Yaxa Ma Jam women /"
          },
          {
            "r": "Khadi Diop --"
          },
          {
            "t": "Emigration terrifies me /"
          },
          {
            "r": "Ndeye Seck --"
          },
          {
            "t": "A necessary evil /"
          },
          {
            "r": "Buchi Emecheta --"
          },
          {
            "t": "Two songs /"
          },
          {
            "r": "Daughters of Divine Love --"
          },
          {
            "t": "How the Daughters of Divine Love congregation started in the year 1969 --"
          },
          {
            "t": "We love you, Jesus --"
          },
          {
            "t": "Allah is the light in the darkness /"
          },
          {
            "r": "Hadjia Coge --"
          },
          {
            "t": "Jesus of the deep forest /"
          },
          {
            "r": "Afua Kuma --"
          },
          {
            "t": "Listen to me, child of a Griot /"
          },
          {
            "r": "Toelo --"
          },
          {
            "t": "Love poems for the Sultan /"
          },
          {
            "r": "Shai\u0308da Zarumey --"
          },
          {
            "t": "Incense --"
          },
          {
            "t": "Taka --"
          },
          {
            "t": "Nawa's lament /"
          },
          {
            "r": "Nawa Kulibali --"
          },
          {
            "t": "President Doe's prisoner /"
          },
          {
            "r": "Ellen Johnson-Sirleaf --"
          },
          {
            "t": "Songs and tales of social negotiation --"
          },
          {
            "t": "The man who dug up yams /"
          },
          {
            "r": "Nyano Bamana --"
          },
          {
            "t": "Name poems /"
          },
          {
            "r": "Communal --"
          },
          {
            "t": "Hasan --"
          },
          {
            "t": "Si\u0302ta --"
          },
          {
            "t": "Eyidi, or naming /"
          },
          {
            "r": "Communal --"
          },
          {
            "t": "Recitatives for drum and dancers --"
          },
          {
            "t": "Play for me, drummer man /"
          },
          {
            "r": "Sadi Habi --"
          },
          {
            "t": "Taasu /"
          },
          {
            "r": "Marame Seye --"
          },
          {
            "t": "The gazelle /"
          },
          {
            "r": "Communal --"
          },
          {
            "t": "Types of wives and husbands /"
          },
          {
            "r": "Salle-ka-ma-kani --"
          },
          {
            "t": "Five types of wives --"
          },
          {
            "t": "Three types of husbands --"
          },
          {
            "t": "The poor orphan: a folktale /"
          },
          {
            "r": "Nana Yaa Tiakaa --"
          },
          {
            "t": "Bodies and babies: three songs --"
          },
          {
            "t": "The torments of labor /"
          },
          {
            "r": "Communal --"
          },
          {
            "t": "I have hope /"
          },
          {
            "r": "Communal --"
          },
          {
            "t": "Did you say I am old /"
          },
          {
            "r": "Kunak Bonat --"
          },
          {
            "t": "I am not a cow /"
          },
          {
            "r": "Bohintu Kulibali."
          }
        ]
      }
    },
    {
      "505": {
        "ind1": "0",
        "ind2": "0",
        "subfields": [
          {
            "t": "The 1990s and the new century --"
          },
          {
            "t": "Eclectic connections /"
          },
          {
            "r": "Werewere Liking --"
          },
          {
            "t": "Interview --"
          },
          {
            "t": "From Singue\u0300 Mura, or given that a woman --"
          },
          {
            "t": "A decent woman /"
          },
          {
            "r": "Bernadette Dao Sanou --"
          },
          {
            "t": "Speaking as a woman /"
          },
          {
            "r": "Ama Ata Aidoo --"
          },
          {
            "t": "The African woman today --"
          },
          {
            "t": "A young woman's voice doesn't break, it gets firmer --"
          },
          {
            "t": "The ugliest girl in the kingdom /"
          },
          {
            "r": "Deborah Nazi-Boni --"
          },
          {
            "t": "A trader caught in ethnic violence /"
          },
          {
            "r": "Afua Kobi --"
          },
          {
            "t": "Russians under Accra /"
          },
          {
            "r": "Amma Darko --"
          },
          {
            "t": "Regrets for Rwanda --"
          },
          {
            "t": "From There is no suitable word /"
          },
          {
            "r": "Tanella Boni --"
          },
          {
            "t": "Where to find the proper word --"
          },
          {
            "t": "Silence came reluctantly --"
          },
          {
            "t": "Thousands of specks of dust we were --"
          },
          {
            "t": "From The shadow of Imana /"
          },
          {
            "r": "Ve\u0301ronique Tadjo --"
          },
          {
            "t": "The story of Cansolata --"
          },
          {
            "t": "Anastasio and Anastasia --"
          },
          {
            "t": "Kapro, the royal gift /"
          },
          {
            "r": "Nana Adwoa Anokyewaa --"
          },
          {
            "t": "The importance of work /"
          },
          {
            "r": "Adja Dior Diop --"
          },
          {
            "t": "Teaching the Qur'an /"
          },
          {
            "r": "Adja Mariama Niasse --"
          },
          {
            "t": "A Wassoulou singer /"
          },
          {
            "r": "Oumou Sangare --"
          },
          {
            "t": "A perfect wife /"
          },
          {
            "r": "Anna Dao --"
          },
          {
            "t": "Child soldiering /"
          },
          {
            "r": "Isatou Alwar Cham-Graham --"
          },
          {
            "t": "The hunger project award speech /"
          },
          {
            "r": "Nagbila Aisseta --"
          },
          {
            "t": "En route to the twenty first century /"
          },
          {
            "r": "Mariama Ndoye --"
          },
          {
            "t": "Africa is not poor: an interview with Debra S. Boyd /"
          },
          {
            "r": "Aminata Traore."
          }
        ]
      }
    },
    {
      "520": {
        "ind1": "\\",
        "ind2": "\\",
        "subfields": [
          {
            "a": "The acclaimed Women Writing Africa project \"opens up worlds too often excluded from the history books\" (\"Booklist\") and is an \"essential resource for scholars and general readers alike\" (\"Library Journal\"). It reveals the cultural legacy of African women in their own words, in never-before- published texts that include communal songs and lullabies, letters and speeches, poetry and fiction. Representing 20 languages and 12 countries, Volume 2 covers western Africa, where most African Americans find their roots. The collection presents an epic history of the region through the eyes of its women, from the age of African kings through colonialism and independence."
          }
        ]
      }
    },
    {
      "650": {
        "ind1": "\\",
        "ind2": "0",
        "subfields": [
          {
            "a": "West African literature"
          },
          {
            "x": "Women authors."
          }
        ]
      }
    },
    {
      "650": {
        "ind1": "\\",
        "ind2": "0",
        "subfields": [
          {
            "a": "Folk literature, African."
          }
        ]
      }
    },
    {
      "650": {
        "ind1": "\\",
        "ind2": "0",
        "subfields": [
          {
            "a": "Oral tradition"
          },
          {
            "z": "Africa, West."
          }
        ]
      }
    },
    {
      "650": {
        "ind1": "\\",
        "ind2": "0",
        "subfields": [
          {
            "a": "Women"
          },
          {
            "z": "Africa, West"
          },
          {
            "v": "Literary collections."
          }
        ]
      }
    },
    {
      "650": {
        "ind1": "\\",
        "ind2": "0",
        "subfields": [
          {
            "a": "Women"
          },
          {
            "z": "Africa, West"
          },
          {
            "x": "History"
          },
          {
            "v": "Sources."
          }
        ]
      }
    },
    {
      "651": {
        "ind1": "\\",
        "ind2": "0",
        "subfields": [
          {
            "a": "Africa, West"
          },
          {
            "v": "Literary collections."
          }
        ]
      }
    },
    {
      "651": {
        "ind1": "\\",
        "ind2": "0",
        "subfields": [
          {
            "a": "Africa, West"
          },
          {
            "x": "History"
          },
          {
            "v": "Sources."
          }
        ]
      }
    },
    {
      "650": {
        "ind1": "\\",
        "ind2": "0",
        "subfields": [
          {
            "a": "West African literature."
          }
        ]
      }
    },
    {
      "650": {
        "ind1": "\\",
        "ind2": "7",
        "subfields": [
          {
            "a": "West African literature."
          },
          {
            "2": "fast"
          },
          {
            "0": "(OCoLC)fst01173899"
          }
        ]
      }
    },
    {
      "650": {
        "ind1": "\\",
        "ind2": "7",
        "subfields": [
          {
            "a": "Folk literature, African."
          },
          {
            "2": "fast"
          },
          {
            "0": "(OCoLC)fst00928902"
          }
        ]
      }
    },
    {
      "650": {
        "ind1": "\\",
        "ind2": "7",
        "subfields": [
          {
            "a": "Oral tradition."
          },
          {
            "2": "fast"
          },
          {
            "0": "(OCoLC)fst01047117"
          }
        ]
      }
    },
    {
      "650": {
        "ind1": "\\",
        "ind2": "7",
        "subfields": [
          {
            "a": "Women."
          },
          {
            "2": "fast"
          },
          {
            "0": "(OCoLC)fst01176568"
          }
        ]
      }
    },
    {
      "651": {
        "ind1": "\\",
        "ind2": "7",
        "subfields": [
          {
            "a": "West Africa."
          },
          {
            "2": "fast"
          },
          {
            "0": "(OCoLC)fst01239521"
          }
        ]
      }
    },
    {
      "655": {
        "ind1": "\\",
        "ind2": "7",
        "subfields": [
          {
            "a": "History."
          },
          {
            "2": "fast"
          },
          {
            "0": "(OCoLC)fst01411628"
          }
        ]
      }
    },
    {
      "655": {
        "ind1": "\\",
        "ind2": "7",
        "subfields": [
          {
            "a": "Literary collections."
          },
          {
            "2": "fast"
          },
          {
            "0": "(OCoLC)fst01423811"
          }
        ]
      }
    },
    {
      "655": {
        "ind1": "\\",
        "ind2": "7",
        "subfields": [
          {
            "a": "Literature."
          },
          {
            "2": "fast"
          },
          {
            "0": "(OCoLC)fst01921716"
          }
        ]
      }
    },
    {
      "655": {
        "ind1": "\\",
        "ind2": "7",
        "subfields": [
          {
            "a": "Sources."
          },
          {
            "2": "fast"
          },
          {
            "0": "(OCoLC)fst01423900"
          }
        ]
      }
    },
    {
      "655": {
        "ind1": "\\",
        "ind2": "7",
        "subfields": [
          {
            "a": "Literature."
          },
          {
            "2": "lcgft"
          }
        ]
      }
    },
    {
      "700": {
        "ind1": "1",
        "ind2": "\\",
        "subfields": [
          {
            "a": "Sutherland-Addy, Esi,"
          },
          {
            "e": "editor."
          }
        ]
      }
    },
    {
      "700": {
        "ind1": "1",
        "ind2": "\\",
        "subfields": [
          {
            "a": "Diaw, Aminata,"
          },
          {
            "e": "editor."
          }
        ]
      }
    },
    {
      "830": {
        "ind1": "\\",
        "ind2": "0",
        "subfields": [
          {
            "a": "Women writing Africa project ;"
          },
          {
            "v": "v.2."
          }
        ]
      }
    },
    {
      "994": {
        "ind1": "\\",
        "ind2": "\\",
        "subfields": [
          {
            "a": "Z0"
          },
          {
            "b": "NYRVC"
          }
        ]
      }
    },
    {
      "948": {
        "ind1": "\\",
        "ind2": "\\",
        "subfields": [
          {
            "h": "NO HOLDINGS IN NYRVC - 763 OTHER HOLDINGS"
          }
        ]
      }
    },
    {
      "999": {
        "ind1": "\\",
        "ind2": "\\",
        "subfields": [
          {
            "a": "00000000039639"
          }
        ]
      }
    }
  ]
}